<record><leader>00000cas a22000007a 4500</leader><controlfield tag="001">20806800</controlfield><controlfield tag="008">891220d191419uupr dr ne      0    0spa d</controlfield><datafield ind1=" " ind2=" " tag="010"><subfield code="a">sn 89078437 </subfield></datafield><datafield ind1=" " ind2=" " tag="040"><subfield code="a">PNN</subfield><subfield code="b">eng</subfield><subfield code="c">PNN</subfield><subfield code="d">OCLCQ</subfield></datafield><datafield ind1=" " ind2=" " tag="042"><subfield code="a">msc</subfield></datafield><datafield ind1="0" ind2="3" tag="245"><subfield code="a">El regionalista.</subfield></datafield><datafield ind1=" " ind2=" " tag="260"><subfield code="a">Arecibo, P.R. :</subfield><subfield code="b">El Regionalista Imprenta</subfield></datafield><datafield ind1=" " ind2=" " tag="300"><subfield code="a">v.</subfield></datafield><datafield ind1=" " ind2=" " tag="310"><subfield code="a">Daily</subfield></datafield><datafield ind1="1" ind2=" " tag="362"><subfield code="a">Began in 1914.</subfield></datafield><datafield ind1=" " ind2=" " tag="500"><subfield code="a">"Diario unionista."</subfield></datafield><datafield ind1=" " ind2=" " tag="500"><subfield code="a">&quot;Diario de informacio&#769;n general.&quot;</subfield></datafield><datafield ind1=" " ind2=" " tag="588"><subfield code="a">Description based on: An&#771;o 8, nu&#769;m. 2112 (1 de jul. de 1921).</subfield></datafield><datafield ind1=" " ind2=" " tag="752"><subfield code="a">United States</subfield><subfield code="b">Puerto Rico</subfield><subfield code="d">Arecibo.</subfield></datafield><datafield ind1="0" ind2="0" tag="780"><subfield code="t">Demo&#769;crata (Arecibo, P.R. : 1912)</subfield></datafield></record>